<?xml version="1.0" encoding="UTF-8" ?><marc:collection xmlns:marc="http://www.loc.gov/MARC21/slim" xmlns:xsi="http://www.w3.org/2001/XMLSchema-instance" xsi:schemaLocation="http://www.loc.gov/MARC21/slim http://www.loc.gov/standards/marcxml/schema/MARC21slim.xsd">
<marc:record><marc:leader>01455nam a2200277uu 4500</marc:leader>
<marc:controlfield tag="003">cst</marc:controlfield>
<marc:controlfield tag="008">200915|||||||||enk                 eng||</marc:controlfield><marc:datafield tag="010" ind1=" " ind2=" "><marc:subfield code="a">981811</marc:subfield></marc:datafield><marc:datafield tag="020" ind1=" " ind2=" "><marc:subfield code="a">0892816619</marc:subfield><marc:subfield code="q">(hardcover)</marc:subfield></marc:datafield><marc:datafield tag="040" ind1=" " ind2=" "><marc:subfield code="a">cst</marc:subfield><marc:subfield code="b">eng</marc:subfield><marc:subfield code="c">cst</marc:subfield><marc:subfield code="e">rda</marc:subfield></marc:datafield><marc:datafield tag="050" ind1=" " ind2="0"><marc:subfield code="a">R128.H5313</marc:subfield><marc:subfield code="b">1998</marc:subfield></marc:datafield><marc:datafield tag="100" ind1="0" ind2=" "><marc:subfield code="a">Hildegard</marc:subfield><marc:subfield code="c">Saint,</marc:subfield><marc:subfield code="d">1098-1179</marc:subfield><marc:subfield code="0">http://id.loc.gov/authorities/names/n80118409</marc:subfield></marc:datafield><marc:datafield tag="245" ind1="1" ind2="0"><marc:subfield code="a">Hildegard von Bingen's Physica</marc:subfield><marc:subfield code="b">the complete English translation of her classic work on health and healing</marc:subfield><marc:subfield code="c">translated from the Latin by Priscilla Throop ; illustrations by Mary Elder Jacobsen</marc:subfield></marc:datafield><marc:datafield tag="246" ind1="0" ind2=" "><marc:subfield code="a">Physica</marc:subfield></marc:datafield><marc:datafield tag="264" ind1=" " ind2="1"><marc:subfield code="a">Rochester (Vt.)</marc:subfield><marc:subfield code="a">London (England)</marc:subfield><marc:subfield code="b">Macmillan London</marc:subfield></marc:datafield><marc:datafield tag="300" ind1=" " ind2=" "><marc:subfield code="a">250 pages</marc:subfield></marc:datafield><marc:datafield tag="300" ind1=" " ind2=" "><marc:subfield code="c">24 cm</marc:subfield></marc:datafield><marc:datafield tag="336" ind1=" " ind2=" "><marc:subfield code="c">txt</marc:subfield><marc:subfield code="0">http://id.loc.gov/vocabulary/contentTypes/txt</marc:subfield><marc:subfield code="2">rdacontent</marc:subfield></marc:datafield><marc:datafield tag="337" ind1=" " ind2=" "><marc:subfield code="a">unmediated</marc:subfield><marc:subfield code="c">n</marc:subfield><marc:subfield code="0">http://id.loc.gov/vocabulary/mediaTypes/n</marc:subfield><marc:subfield code="2">rdamedia</marc:subfield></marc:datafield><marc:datafield tag="338" ind1=" " ind2=" "><marc:subfield code="a">volume</marc:subfield><marc:subfield code="c">nc</marc:subfield><marc:subfield code="0">http://id.loc.gov/vocabulary/carriers/nc</marc:subfield><marc:subfield code="2">rdacarrier</marc:subfield></marc:datafield><marc:datafield tag="500" ind1=" " ind2=" "><marc:subfield code="a">Includes index</marc:subfield></marc:datafield><marc:datafield tag="650" ind1=" " ind2="0"><marc:subfield code="a">Medicine, Medieval</marc:subfield><marc:subfield code="0">http://id.loc.gov/authorities/subjects/sh85083152</marc:subfield></marc:datafield><marc:datafield tag="655" ind1=" " ind2="0"><marc:subfield code="a">Handbooks and manuals</marc:subfield><marc:subfield code="0">http://id.loc.gov/authorities/genreForms/gf2014026109</marc:subfield><marc:subfield code="2">lcgft</marc:subfield></marc:datafield><marc:datafield tag="700" ind1="1" ind2=" "><marc:subfield code="a">Throop, Priscilla</marc:subfield><marc:subfield code="d">1946-</marc:subfield><marc:subfield code="0">http://id.loc.gov/authorities/names/n98031191</marc:subfield></marc:datafield><marc:datafield tag="700" ind1="1" ind2=" "><marc:subfield code="a">Jacobsen, Mary Elder</marc:subfield><marc:subfield code="0">http://id.loc.gov/authorities/names/no2012148249</marc:subfield></marc:datafield><marc:datafield tag="884" ind1=" " ind2=" "><marc:subfield code="a">Sinopia rdf2marc</marc:subfield><marc:subfield code="g">20210921</marc:subfield><marc:subfield code="k">https://api.stage.sinopia.io/resource/3eb5f480-60d6-4732-8daf-02d8d6f26eb7</marc:subfield><marc:subfield code="u">https://github.com/LD4P/rdf2marc</marc:subfield></marc:datafield></marc:record>
</marc:collection>
